%YAML 1.1
%TAG !u! tag:unity3d.com,2011:
--- !u!1 &6284205649933253207
GameObject:
  m_ObjectHideFlags: 0
  m_CorrespondingSourceObject: {fileID: 0}
  m_PrefabInstance: {fileID: 0}
  m_PrefabAsset: {fileID: 0}
  serializedVersion: 6
  m_Component:
  - component: {fileID: 1826214784266572112}
  - component: {fileID: 7399789694854039559}
  - component: {fileID: 5465600681241405497}
  - component: {fileID: 954434580}
  m_Layer: 15
  m_Name: Shotgun Ammo
  m_TagString: Item
  m_Icon: {fileID: 0}
  m_NavMeshLayer: 0
  m_StaticEditorFlags: 0
  m_IsActive: 1
--- !u!4 &1826214784266572112
Transform:
  m_ObjectHideFlags: 0
  m_CorrespondingSourceObject: {fileID: 0}
  m_PrefabInstance: {fileID: 0}
  m_PrefabAsset: {fileID: 0}
  m_GameObject: {fileID: 6284205649933253207}
  m_LocalRotation: {x: 0, y: 0, z: 0, w: 1}
  m_LocalPosition: {x: 0, y: 0, z: 0}
  m_LocalScale: {x: 1, y: 1, z: 1}
  m_ConstrainProportionsScale: 0
  m_Children:
  - {fileID: 8871506099183406756}
  - {fileID: 2661691536851676024}
  m_Father: {fileID: 0}
  m_RootOrder: 0
  m_LocalEulerAnglesHint: {x: 0, y: 0, z: 0}
--- !u!65 &7399789694854039559
BoxCollider:
  m_ObjectHideFlags: 0
  m_CorrespondingSourceObject: {fileID: 0}
  m_PrefabInstance: {fileID: 0}
  m_PrefabAsset: {fileID: 0}
  m_GameObject: {fileID: 6284205649933253207}
  m_Material: {fileID: 0}
  m_IsTrigger: 0
  m_Enabled: 1
  serializedVersion: 2
  m_Size: {x: 1.4550402, y: 0.14, z: 2}
  m_Center: {x: 0, y: 0, z: 0}
--- !u!54 &5465600681241405497
Rigidbody:
  m_ObjectHideFlags: 0
  m_CorrespondingSourceObject: {fileID: 0}
  m_PrefabInstance: {fileID: 0}
  m_PrefabAsset: {fileID: 0}
  m_GameObject: {fileID: 6284205649933253207}
  serializedVersion: 2
  m_Mass: 1
  m_Drag: 0
  m_AngularDrag: 0.05
  m_UseGravity: 1
  m_IsKinematic: 0
  m_Interpolate: 1
  m_Constraints: 80
  m_CollisionDetection: 1
--- !u!114 &954434580
MonoBehaviour:
  m_ObjectHideFlags: 0
  m_CorrespondingSourceObject: {fileID: 0}
  m_PrefabInstance: {fileID: 0}
  m_PrefabAsset: {fileID: 0}
  m_GameObject: {fileID: 6284205649933253207}
  m_Enabled: 1
  m_EditorHideFlags: 0
  m_Script: {fileID: 11500000, guid: 3b58e545906a9e5409d0281463d265cf, type: 3}
  m_Name: 
  m_EditorClassIdentifier: 
  rigidbody: {fileID: 5465600681241405497}
  pickupSound: {fileID: 8300000, guid: 7c5a4be11a3dccb4cb0034935bbb8aa8, type: 3}
  ammoAmount: 6
  pickupRange: 4
  itemName: Shotgun Ammo
  image: {fileID: 21300000, guid: dff9966f8fb5874489b75c51906e8fa0, type: 3}
--- !u!1001 &1078233917
PrefabInstance:
  m_ObjectHideFlags: 0
  serializedVersion: 2
  m_Modification:
    m_TransformParent: {fileID: 1826214784266572112}
    m_Modifications:
    - target: {fileID: 2661691537929379909, guid: eb981efa0c627be48b53b8fbd39eabb0,
        type: 3}
      propertyPath: m_RootOrder
      value: 1
      objectReference: {fileID: 0}
    - target: {fileID: 2661691537929379909, guid: eb981efa0c627be48b53b8fbd39eabb0,
        type: 3}
      propertyPath: m_LocalPosition.x
      value: 0
      objectReference: {fileID: 0}
    - target: {fileID: 2661691537929379909, guid: eb981efa0c627be48b53b8fbd39eabb0,
        type: 3}
      propertyPath: m_LocalPosition.y
      value: 0
      objectReference: {fileID: 0}
    - target: {fileID: 2661691537929379909, guid: eb981efa0c627be48b53b8fbd39eabb0,
        type: 3}
      propertyPath: m_LocalPosition.z
      value: 0
      objectReference: {fileID: 0}
    - target: {fileID: 2661691537929379909, guid: eb981efa0c627be48b53b8fbd39eabb0,
        type: 3}
      propertyPath: m_LocalRotation.w
      value: 1
      objectReference: {fileID: 0}
    - target: {fileID: 2661691537929379909, guid: eb981efa0c627be48b53b8fbd39eabb0,
        type: 3}
      propertyPath: m_LocalRotation.x
      value: -0
      objectReference: {fileID: 0}
    - target: {fileID: 2661691537929379909, guid: eb981efa0c627be48b53b8fbd39eabb0,
        type: 3}
      propertyPath: m_LocalRotation.y
      value: -0
      objectReference: {fileID: 0}
    - target: {fileID: 2661691537929379909, guid: eb981efa0c627be48b53b8fbd39eabb0,
        type: 3}
      propertyPath: m_LocalRotation.z
      value: -0
      objectReference: {fileID: 0}
    - target: {fileID: 2661691537929379909, guid: eb981efa0c627be48b53b8fbd39eabb0,
        type: 3}
      propertyPath: m_LocalEulerAnglesHint.x
      value: 0
      objectReference: {fileID: 0}
    - target: {fileID: 2661691537929379909, guid: eb981efa0c627be48b53b8fbd39eabb0,
        type: 3}
      propertyPath: m_LocalEulerAnglesHint.y
      value: 0
      objectReference: {fileID: 0}
    - target: {fileID: 2661691537929379909, guid: eb981efa0c627be48b53b8fbd39eabb0,
        type: 3}
      propertyPath: m_LocalEulerAnglesHint.z
      value: 0
      objectReference: {fileID: 0}
    - target: {fileID: 2661691537929543285, guid: eb981efa0c627be48b53b8fbd39eabb0,
        type: 3}
      propertyPath: m_Name
      value: ItemVFX
      objectReference: {fileID: 0}
    m_RemovedComponents: []
  m_SourcePrefab: {fileID: 100100000, guid: eb981efa0c627be48b53b8fbd39eabb0, type: 3}
--- !u!4 &2661691536851676024 stripped
Transform:
  m_CorrespondingSourceObject: {fileID: 2661691537929379909, guid: eb981efa0c627be48b53b8fbd39eabb0,
    type: 3}
  m_PrefabInstance: {fileID: 1078233917}
  m_PrefabAsset: {fileID: 0}
--- !u!1001 &8977735324867537231
PrefabInstance:
  m_ObjectHideFlags: 0
  serializedVersion: 2
  m_Modification:
    m_TransformParent: {fileID: 1826214784266572112}
    m_Modifications:
    - target: {fileID: -8679921383154817045, guid: 801c6c174068a2f43bc88c6b2fe6068c,
        type: 3}
      propertyPath: m_RootOrder
      value: 0
      objectReference: {fileID: 0}
    - target: {fileID: -8679921383154817045, guid: 801c6c174068a2f43bc88c6b2fe6068c,
        type: 3}
      propertyPath: m_LocalScale.x
      value: 8.030485
      objectReference: {fileID: 0}
    - target: {fileID: -8679921383154817045, guid: 801c6c174068a2f43bc88c6b2fe6068c,
        type: 3}
      propertyPath: m_LocalScale.y
      value: 14.34015
      objectReference: {fileID: 0}
    - target: {fileID: -8679921383154817045, guid: 801c6c174068a2f43bc88c6b2fe6068c,
        type: 3}
      propertyPath: m_LocalScale.z
      value: 4.0152416
      objectReference: {fileID: 0}
    - target: {fileID: -8679921383154817045, guid: 801c6c174068a2f43bc88c6b2fe6068c,
        type: 3}
      propertyPath: m_LocalPosition.x
      value: -0
      objectReference: {fileID: 0}
    - target: {fileID: -8679921383154817045, guid: 801c6c174068a2f43bc88c6b2fe6068c,
        type: 3}
      propertyPath: m_LocalPosition.y
      value: -0.0040000007
      objectReference: {fileID: 0}
    - target: {fileID: -8679921383154817045, guid: 801c6c174068a2f43bc88c6b2fe6068c,
        type: 3}
      propertyPath: m_LocalPosition.z
      value: 0
      objectReference: {fileID: 0}
    - target: {fileID: -8679921383154817045, guid: 801c6c174068a2f43bc88c6b2fe6068c,
        type: 3}
      propertyPath: m_LocalRotation.w
      value: -0.5
      objectReference: {fileID: 0}
    - target: {fileID: -8679921383154817045, guid: 801c6c174068a2f43bc88c6b2fe6068c,
        type: 3}
      propertyPath: m_LocalRotation.x
      value: 0.50000006
      objectReference: {fileID: 0}
    - target: {fileID: -8679921383154817045, guid: 801c6c174068a2f43bc88c6b2fe6068c,
        type: 3}
      propertyPath: m_LocalRotation.y
      value: -0.49999997
      objectReference: {fileID: 0}
    - target: {fileID: -8679921383154817045, guid: 801c6c174068a2f43bc88c6b2fe6068c,
        type: 3}
      propertyPath: m_LocalRotation.z
      value: -0.5
      objectReference: {fileID: 0}
    - target: {fileID: -8679921383154817045, guid: 801c6c174068a2f43bc88c6b2fe6068c,
        type: 3}
      propertyPath: m_LocalEulerAnglesHint.x
      value: 0
      objectReference: {fileID: 0}
    - target: {fileID: -8679921383154817045, guid: 801c6c174068a2f43bc88c6b2fe6068c,
        type: 3}
      propertyPath: m_LocalEulerAnglesHint.y
      value: 0
      objectReference: {fileID: 0}
    - target: {fileID: -8679921383154817045, guid: 801c6c174068a2f43bc88c6b2fe6068c,
        type: 3}
      propertyPath: m_LocalEulerAnglesHint.z
      value: 0
      objectReference: {fileID: 0}
    - target: {fileID: 919132149155446097, guid: 801c6c174068a2f43bc88c6b2fe6068c,
        type: 3}
      propertyPath: m_Name
      value: 12-guage-ammo
      objectReference: {fileID: 0}
    - target: {fileID: 3451118302482216456, guid: 801c6c174068a2f43bc88c6b2fe6068c,
        type: 3}
      propertyPath: m_Convex
      value: 1
      objectReference: {fileID: 0}
    m_RemovedComponents:
    - {fileID: 3451118302482216456, guid: 801c6c174068a2f43bc88c6b2fe6068c, type: 3}
  m_SourcePrefab: {fileID: 100100000, guid: 801c6c174068a2f43bc88c6b2fe6068c, type: 3}
--- !u!4 &8871506099183406756 stripped
Transform:
  m_CorrespondingSourceObject: {fileID: -8679921383154817045, guid: 801c6c174068a2f43bc88c6b2fe6068c,
    type: 3}
  m_PrefabInstance: {fileID: 8977735324867537231}
  m_PrefabAsset: {fileID: 0}
